<record xmlns="http://www.loc.gov/MARC21/slim" xmlns:xsi="http://www.w3.org/2001/XMLSchema-instance" xsi:schemaLocation="http://www.loc.gov/MARC21/slim http://www.loc.gov/standards/marcxml/schema/MARC21slim.xsd"><leader>     nam a22        4500</leader><controlfield tag="001">1820070</controlfield><controlfield tag="003">NIC</controlfield><controlfield tag="006">m        d        </controlfield><controlfield tag="007">cr cn |||m|||a</controlfield><controlfield tag="008">150316m19799999le      ob    000 0 arar </controlfield><datafield ind1=" " ind2=" " tag="040"><subfield code="a">NNU</subfield><subfield code="b">eng</subfield><subfield code="e">rda</subfield><subfield code="c">NNU</subfield></datafield><datafield ind1="0" ind2="0" tag="050"><subfield code="a">BP130.4</subfield><subfield code="b">.F39 1979</subfield></datafield><datafield ind1="1" ind2=" " tag="100"><subfield code="6">880-01</subfield><subfield code="a">Fayd&#803; al-Ka&#772;shi&#772;, Muh&#803;ammad ibn Murtad&#803;a&#769;,</subfield><subfield code="d">1598 or 1599-1680 or 1681.</subfield></datafield><datafield ind1="1" ind2="0" tag="245"><subfield code="6">880-02</subfield><subfield code="a">Tafsi&#772;r al-S&#803;a&#772;fi&#772; /</subfield><subfield code="c">ta&#700;li&#772;f al-Mawla&#769; Muh&#803;sin, al-mulaqqab bi-al-Fayd&#803; al-Ka&#772;sha&#772;ni&#772; ; s&#803;ah&#803;h&#803;ah&#803;ahu wa-qaddama la-hu wa-&#699;allaqa &#699;alayhi H&#803;usayn al-A&#699;lami&#772;.</subfield></datafield><datafield ind1="1" ind2=" " tag="246"><subfield code="i">Title on p. [4] of cover:</subfield><subfield code="a">Tafsir as'safee</subfield></datafield><datafield ind1=" " ind2=" " tag="250"><subfield code="6">880-03</subfield><subfield code="a">al-T&#803;ab&#699;ah 1.</subfield></datafield><datafield ind1=" " ind2=" " tag="260"><subfield code="6">880-04</subfield><subfield code="a">Bayru&#772;t, Lubna&#772;n :</subfield><subfield code="b">Mu&#700;assasat al-A&#699;lami&#772; lil-Mat&#803;bu&#772;&#699;a&#772;t,</subfield><subfield code="c">1979-</subfield></datafield><datafield ind1=" " ind2=" " tag="300"><subfield code="a">online resource (volumes)</subfield></datafield><datafield ind1=" " ind2=" " tag="336"><subfield code="a">text</subfield><subfield code="2">rdacontent</subfield></datafield><datafield ind1=" " ind2=" " tag="337"><subfield code="a">computer</subfield><subfield code="2">rdamedia</subfield></datafield><datafield ind1=" " ind2=" " tag="338"><subfield code="a">online resource</subfield><subfield code="2">rdacarrier</subfield></datafield><datafield ind1=" " ind2=" " tag="500"><subfield code="a">Part of the Arabic Collections Online (ACO) project, contributed by Cornell University Libraries.</subfield></datafield><datafield ind1=" " ind2=" " tag="504"><subfield code="a">Includes bibliographical references.</subfield></datafield><datafield ind1=" " ind2=" " tag="533"><subfield code="a">Electronic reproduction.</subfield><subfield code="b">New York, N.Y. :</subfield><subfield code="c">New York University,</subfield><subfield code="d">2015.</subfield><subfield code="5">NNU</subfield></datafield><datafield ind1="0" ind2="0" tag="630"><subfield code="a">Qur&#700;an</subfield><subfield code="x">Commentaries</subfield><subfield code="v">Early works to 1800.</subfield></datafield><datafield ind1="1" ind2=" " tag="700"><subfield code="6">880-05</subfield><subfield code="a">A&#699;lami&#772;, H&#803;usayn.</subfield></datafield><datafield ind1="2" ind2=" " tag="710"><subfield code="a">Cornell University.</subfield><subfield code="b">Libraries.</subfield></datafield><datafield ind1="0" ind2=" " tag="730"><subfield code="a">Arabic Collections Online.</subfield></datafield><datafield ind1="0" ind2="8" tag="776"><subfield code="i">Online version:</subfield><subfield code="a">Fayd&#803; al-Ka&#772;shi&#772;, Muh&#803;ammad ibn Murtad&#803;a&#769;, 1598 or 9-1680 or 81.</subfield><subfield code="t">Tafsi&#772;r al-S&#803;a&#772;fi&#772;.</subfield><subfield code="b">al-T&#803;ab&#699;ah 1.</subfield><subfield code="d">Bayru&#772;t, Lubna&#772;n : Mu&#700;assasat al-A&#699;lami&#772; lil-Mat&#803;bu&#772;&#699;a&#772;t, 1979-</subfield><subfield code="w">(OCoLC)608286388</subfield></datafield><datafield ind1="0" ind2="8" tag="776"><subfield code="i">Print version:</subfield><subfield code="a">Fayd&#803; al-Ka&#772;shi&#772;, Muh&#803;ammad ibn Murtad&#803;a&#769;, 1598 or 1599-1680 or 1681.</subfield><subfield code="t">Tafsi&#772;r al-S&#803;a&#772;fi&#772;</subfield><subfield code="w">(NIC)1820070</subfield><subfield code="w">(DLC)   81112214 </subfield><subfield code="w">(OCoLC)17028593</subfield></datafield><datafield ind1="4" ind2="0" tag="856"><subfield code="u">http://hdl.handle.net/2333.1/ksn02xjx</subfield></datafield><datafield ind1="1" ind2=" " tag="880"><subfield code="6">100-01/r</subfield><subfield code="a">&#1601;&#1610;&#1590; &#1575;&#1604;&#1603;&#1575;&#1588;&#1610;&#1548; &#1605;&#1581;&#1605;&#1583; &#1576;&#1606; &#1605;&#1585;&#1578;&#1590;&#1609;&#1548;,</subfield><subfield code="d">1598 &#1571;&#1608; 9-1680 &#1571;&#1608; 81.</subfield></datafield><datafield ind1="1" ind2="0" tag="880"><subfield code="6">245-02/r</subfield><subfield code="a">&#1578;&#1601;&#1587;&#1610;&#1585; &#1575;&#1604;&#1589;&#1575;&#1601;&#1610; /</subfield><subfield code="c">&#1578;&#1571;&#1604;&#1610;&#1601; &#1575;&#1604;&#1605;&#1608;&#1604;&#1609; &#1605;&#1581;&#1587;&#1606;&#1548; &#1575;&#1604;&#1605;&#1604;&#1602;&#1576; &#1576;&#1575;&#1604;&#1601;&#1610;&#1590; &#1575;&#1604;&#1603;&#1575;&#1588;&#1575;&#1606;&#1610; &#1563; &#1589;&#1581;&#1581;&#1607; &#1608;&#1602;&#1583;&#1605; &#1604;&#1607; &#1608;&#1593;&#1604;&#1602; &#1593;&#1604;&#1610;&#1607; &#1581;&#1587;&#1610;&#1606; &#1575;&#1604;&#1575;&#1593;&#1604;&#1605;&#1610;.</subfield></datafield><datafield ind1=" " ind2=" " tag="880"><subfield code="6">250-03/r</subfield><subfield code="a">&#1575;&#1604;&#1591;&#1576;&#1593;&#1577; 1.</subfield></datafield><datafield ind1=" " ind2=" " tag="880"><subfield code="6">260-04/r</subfield><subfield code="a">&#1576;&#1610;&#1585;&#1608;&#1578;&#1548; &#1604;&#1576;&#1606;&#1575;&#1606; :</subfield><subfield code="b">&#1605;&#1572;&#1587;&#1587;&#1577; &#1575;&#1604;&#1575;&#1593;&#1604;&#1605;&#1610; &#1604;&#1604;&#1605;&#1591;&#1576;&#1608;&#1593;&#1575;&#1578;&#1548;</subfield><subfield code="c">1979-</subfield></datafield><datafield ind1="1" ind2=" " tag="880"><subfield code="6">700-05/r</subfield><subfield code="a">&#1571;&#1593;&#1604;&#1605;&#1610;&#1548; &#1581;&#1587;&#1610;&#1606;.</subfield></datafield><datafield ind1=" " ind2=" " tag="959"><subfield code="a">NNU</subfield><subfield code="b">WEB</subfield><subfield code="c">GENI</subfield><subfield code="t">0</subfield><subfield code="m">Electronic access</subfield><subfield code="s">01</subfield></datafield><datafield ind1=" " ind2=" " tag="999"><subfield code="i">NIC_1820070</subfield><subfield code="o">(OCoLC)ocm17028593 </subfield><subfield code="s">cornell_aco000235:juz1</subfield><subfield code="s">cornell_aco000234:juz2</subfield><subfield code="s">cornell_aco000233:juz3</subfield><subfield code="s">cornell_aco000232:juz4</subfield><subfield code="s">cornell_aco000231:juz5</subfield><subfield code="e">(ERROR-880)</subfield></datafield></record>